@misc{myrepo,
 author  = {},
 title   = {レポートで作成したプログラム},
 note    = "\url{https://github.com/ykawamura96/CloudSoftware/tree/master/software/js}"
}
